<record><leader>00000cas a22000007a 4500</leader><controlfield tag="001">28387350</controlfield><controlfield tag="008">930706d194419uuncuwr ne      0    0eng d</controlfield><controlfield tag="009">13381</controlfield><datafield ind1=" " ind2=" " tag="010"><subfield code="a">sn 93064784 </subfield></datafield><datafield ind1=" " ind2=" " tag="040"><subfield code="a">NVJ</subfield><subfield code="b">eng</subfield><subfield code="c">NVJ</subfield></datafield><datafield ind1=" " ind2=" " tag="042"><subfield code="a">msc</subfield></datafield><datafield ind1="0" ind2="4" tag="245"><subfield code="a">The Franklinton post.</subfield></datafield><datafield ind1=" " ind2=" " tag="260"><subfield code="a">Franklinton, N.C. :</subfield><subfield code="b">G.E. Isaacs,</subfield></datafield><datafield ind1=" " ind2=" " tag="300"><subfield code="a">v.</subfield></datafield><datafield ind1=" " ind2=" " tag="310"><subfield code="a">Weekly</subfield></datafield><datafield ind1="0" ind2=" " tag="362"><subfield code="a">Vol. 24, no. 26 (Nov. 2, 1944)-</subfield></datafield><datafield ind1=" " ind2=" " tag="515"><subfield code="a">Some issues carry numbering inconsistencies.</subfield></datafield><datafield ind1=" " ind2=" " tag="752"><subfield code="a">United States</subfield><subfield code="b">North Carolina</subfield><subfield code="c">Franklin</subfield><subfield code="d">Franklinton.</subfield></datafield><datafield ind1="0" ind2="0" tag="780"><subfield code="t">Franklinton post and the Youngsville news</subfield><subfield code="w">(DLC)sn 93064783</subfield></datafield></record>